<?xml version="1.0" encoding="UTF-8"?><collection xmlns="http://www.loc.gov/MARC21/slim"><record><leader>00445nam--2200145-i-4500</leader><controlfield tag="001">000001844</controlfield><controlfield tag="002">20161230</controlfield><controlfield tag="005">20161230201024</controlfield><controlfield tag="008">060222s1000------------r-----000-0-eng-d</controlfield><datafield ind1=" " ind2=" " tag="080"><subfield code="a">539.12.01</subfield></datafield><datafield ind1=" " ind2=" " tag="100"><subfield code="a">Frahn, W.E</subfield></datafield><datafield ind1=" " ind2=" " tag="245"><subfield code="a">Strong absorption models for nuclear reactions and hadron collisions at high energies</subfield></datafield><datafield ind1=" " ind2=" " tag="260"><subfield code="a">Trieste, I.A.E.A.., 1966. 28 P</subfield></datafield><datafield ind1=" " ind2=" " tag="490"><subfield code="a">International Course On Nuclear Physics, Paper Smr 3/41</subfield></datafield><datafield ind1=" " ind2=" " tag="852"><subfield code="a">25295</subfield></datafield></record></collection>